@misc{1Themida,
    title = {Themida},
    howpublished = {\url{http://www.oreans.com/themida.php}},

}

@misc{2CV,
    title = {Code Virtualizer},
    howpublished = {\url{http://www.oreans.com/codevirtualizer.php}},

}

@misc{3Vmprotect,
    title = {Vmprotect software. vmprotect},
    howpublished = {\url{http://vmpsoft.com/}},

}

@article{4collberg,
  title={The case for dynamic digital asset protection techniques},
  author={Collberg, Christian},
  journal={Department of Computer Science, University of Arizona},
  pages={1--5},
  year={2011}
}

@incollection{5fang2011multi,
  title={Multi-stage binary code obfuscation using improved virtual machine},
  author={Fang, Hui and Wu, Yongdong and Wang, Shuhong and Huang, Yin},
  booktitle={Information Security},
  pages={168--181},
  year={2011},
  publisher={Springer}
}

@article{6ming2011software,
  title={Software protection scheme via nested virtual machine},
  author={Ming, Y and Liusheng, H},
  journal={Journal of Chinese Computer Systems},
  volume={32},
  number={2},
  pages={237--241},
  year={2011}
}

@inproceedings{7wang2014tdvmp,
  title={TDVMP: Improved Virtual Machine-Based Software Protection with Time Diversity},
  author={Wang, Huaijun and Fang, Dingyi and Li, Guanghui and An, Na and Chen, Xiaojiang and Gu, Yuanxiang},
  booktitle={Proceedings of ACM SIGPLAN on Program Protection and Reverse Engineering Workshop 2014},
  year={2014},
}

@inproceedings{8wang2013nislvmp,
  title={NISLVMP: Improved Virtual Machine-Based Software Protection},
  author={Wang, Huaijun and Fang, Dingyi and Li, Guanghui and Yin, Xiaoyan and Zhang, Bo and Gu, Yuanxiang},
  booktitle={9th International Conference on Computational Intelligence and Security (CIS)},
  year={2013},
}

@inproceedings{9ghosh2012replacement,
  title={Replacement attacks against VM-protected applications},
  author={Ghosh, Sudeep and Hiser, Jason and Davidson, Jack W},
  booktitle={ACM SIGPLAN Notices},
  year={2012},
}

@techreport{10falliere2009inside,
  title={Inside the jaws of Trojan},
  author={Falliere, N and Fitzgerald, P and Chien, E},
  year={2009},
  institution={Clampi. Technical report, Symantec Corp}
}

@article{11collberg2002watermarking,
  title={Watermarking, tamper-proofing, and obfuscation-tools for software protection},
  author={Collberg, Christian S and Thomborson, Clark},
  journal={IEEE Transactions on Software Engineering},
  year={2002},
}

@incollection{12chow2002white,
  title={A white-box DES implementation for DRM applications},
  author={Chow, Stanley and Eisen, Phil and Johnson, Harold and Van Oorschot, Paul C},
  booktitle={Digital Rights Management},
  year={2002},
}

@inproceedings{13liem2008compiler,
  title={A compiler-based infrastructure for software-protection},
  author={Liem, Clifford and Gu, Yuan Xiang and Johnson, Harold},
  booktitle={Proceedings of the third ACM SIGPLAN workshop on Programming languages and analysis for security},
  year={2008},
}

@misc{14Idapro,
    title = {Ida pro},
    howpublished = {\url{https://www.hex-rays.com/index.shtml}},

}

@misc{15Ollydbg,
    title = {Ollydbg},
    howpublished = {\url{http://www.ollydbg.de/}},

}

@misc{16Sysinternalssuite,
    title = {Sysinternals suite},
    howpublished = {\url{https://technet.microsoft.com/en-us/sysinternals/bb842062}},

}


@inproceedings{17rolles2009unpacking,
  title={Unpacking virtualization obfuscators},
  author={Rolles, Rolf},
  booktitle={3rd USENIX Workshop on Offensive Technologies.(WOOT)},
  year={2009}
}

@incollection{18blietz2006software,
  title={Software tamper resistance through dynamic program monitoring},
  author={Blietz, Brian and Tyagi, Akhilesh},
  booktitle={Digital Rights Management. Technologies, Issues, Challenges and Systems},
  year={2006},
}

@book{19eilam2011reversing,
  title={Reversing: secrets of reverse engineering},
  author={Eilam, Eldad},
  year={2011},
  publisher={John Wiley \& Sons}
}

@inproceedings{20larsen2014sok,
  title={SoK: Automated software diversity},
  author={Larsen, Per and Homescu, Andrei and Brunthaler, Stefan and Franz, Michael},
  booktitle={IEEE Symposium on Security and Privacy (S{\&}P)},
  year={2014},
}

@misc{21Armadillo,
    title = {Armadillo},
    howpublished = {\url{http://the-armadillo-software-protection-system.software.informer.com}},

}

@misc{22Asprotect,
    title = {Asprotect ske c application protection tools for software developers},
    howpublished = {\url{http://www.aspack.com/asprotect32.html}},

}

@misc{19md5,
    title = {Md5},
    howpublished = {\url{http://www.fourmilab.ch/md5/}},

}

@misc{20Aescrypt,
    title = {Aescrypt},
    howpublished = {\url{https://www.aescrypt.com/download/}},

}

@misc{21bcrypt,
    title = {bcrypt-blowfish file encryption},
    howpublished = {\url{http://sourceforge.net/projects/bcrypt/}},

}

@misc{22gzip,
    title = {gzip},
    howpublished = {\url{http://www.gzip.org/}},

}


@inproceedings{23linn2003obfuscation,
  title={Obfuscation of executable code to improve resistance to static disassembly},
  author={Linn, Cullen and Debray, Saumya},
  booktitle={Proceedings of the 10th ACM conference on Computer and communications security},
  year={2003},
}

@techreport{24NICOLAOU,
  title={Applied binary code obfuscation},
  author={NICOLAOU GEORGE, G. C.},
  year={2009},
  institution={Technical report}
}

@misc{25Execryptor,
    title = {Execryptor},
    howpublished = {\url{http://www.strongbit.com/execryptor.asp}},

}

@inproceedings{25wu2010mimimorphism,
  title={Mimimorphism: A new approach to binary code obfuscation},
  author={Wu, Zhenyu and Gianvecchio, Steven and Xie, Mengjun and Wang, Haining},
  booktitle={Proceedings of the 17th ACM conference on Computer and communications security},
  year={2010},
}

@misc{26upx,
    title = {UPX},
    howpublished = {\url{http://upx.sourceforge.net/}},

}

@inproceedings{27ge2005control,
  title={Control flow based obfuscation},
  author={Ge, Jun and Chaudhuri, Soma and Tyagi, Akhilesh},
  booktitle={Proceedings of the 5th ACM workshop on Digital rights management},
  year={2005},
}

@inproceedings{27averbuch2011efficient,
  title={An efficient vm-based software protection},
  author={Averbuch, Amir and Kiperberg, Michael and Zaidenberg, Nezer Jacob},
  booktitle={5th International Conference on Network and System Security (NSS)},
  year={2011},
}

@inproceedings{27balachandran2014function,
  title={Function Level Control Flow Obfuscation for Software Security},
  author={Balachandran, Vivek and Keong, Ng Wee and Emmanuel, Sabu},
  booktitle={Eighth International Conference on Complex, Intelligent and Software Intensive Systems (CISIS)},
  year={2014},
}

@inproceedings{28wu2010mimimorphism,
  title={Mimimorphism: A new approach to binary code obfuscation},
  author={Wu, Zhenyu and Gianvecchio, Steven and Xie, Mengjun and Wang, Haining},
  booktitle={Proceedings of the 17th ACM conference on Computer and communications security},
  year={2010},
}

@inproceedings{29barrantes2003randomized,
  title={Randomized instruction set emulation to disrupt binary code injection attacks},
  author={Barrantes, Elena Gabriela and Ackley, David H and Palmer, Trek S and Stefanovic, Darko and Zovi, Dino Dai},
  booktitle={Proceedings of the 10th ACM conference on Computer and communications security},
  year={2003},
}

@inproceedings{30kc2003countering,
  title={Countering code-injection attacks with instruction-set randomization},
  author={Kc, Gaurav S and Keromytis, Angelos D and Prevelakis, Vassilis},
  booktitle={Proceedings of the 10th ACM conference on Computer and communications security},
  year={2003},
}
